<record><leader>00000cas a2200000 a 4500</leader><controlfield tag="001">10208881</controlfield><controlfield tag="007">hd afb---baca</controlfield><controlfield tag="007">hd bfb---baba</controlfield><controlfield tag="008">831210d198019uuwauer nea     0   a0eng c</controlfield><datafield ind1=" " ind2=" " tag="010"><subfield code="a">  2006252018</subfield></datafield><datafield ind1=" " ind2=" " tag="040"><subfield code="a">WAU</subfield><subfield code="b">eng</subfield><subfield code="c">WAU</subfield><subfield code="d">OCL</subfield><subfield code="d">WAU</subfield><subfield code="d">OCLCQ</subfield><subfield code="d">OCLCA</subfield><subfield code="d">OCLCQ</subfield><subfield code="d">OCLCA</subfield><subfield code="d">OCLCF</subfield><subfield code="d">OCLCQ</subfield></datafield><datafield ind1=" " ind2=" " tag="042"><subfield code="a">pcc</subfield></datafield><datafield ind1=" " ind2=" " tag="043"><subfield code="a">n-us-wa</subfield></datafield><datafield ind1="0" ind2="4" tag="245"><subfield code="a">The Lummi squol quol.</subfield></datafield><datafield ind1="1" ind2=" " tag="246"><subfield code="i">Some issues have title:</subfield><subfield code="a">Squol quol</subfield></datafield><datafield ind1="1" ind2="3" tag="246"><subfield code="a">Lummi Indian news</subfield></datafield><datafield ind1=" " ind2=" " tag="260"><subfield code="a">Bellingham, Wash. :</subfield><subfield code="b">Lummi Communications Dept.,</subfield><subfield code="c">[1980]-</subfield></datafield><datafield ind1=" " ind2=" " tag="300"><subfield code="a">volumes :</subfield><subfield code="b">illustrations</subfield></datafield><datafield ind1=" " ind2=" " tag="310"><subfield code="a">Biweekly</subfield></datafield><datafield ind1=" " ind2=" " tag="336"><subfield code="a">text</subfield><subfield code="b">txt</subfield><subfield code="2">rdacontent</subfield></datafield><datafield ind1=" " ind2=" " tag="337"><subfield code="a">microform</subfield><subfield code="b">h</subfield><subfield code="2">rdamedia</subfield></datafield><datafield ind1=" " ind2=" " tag="338"><subfield code="a">microfilm reel</subfield><subfield code="b">hd</subfield><subfield code="2">rdacarrier</subfield></datafield><datafield ind1="0" ind2=" " tag="362"><subfield code="a">Vol. 8, ed. 1 (Feb. 3, 1980)-</subfield></datafield><datafield ind1=" " ind2=" " tag="515"><subfield code="a">Volume numbering irregular.</subfield></datafield><datafield ind1=" " ind2=" " tag="588"><subfield code="a">Latest issue consulted: Vol. no. 9, ed. no. 2 (Feb. 2, 1981).</subfield></datafield><datafield ind1=" " ind2=" " tag="533"><subfield code="a">Microfilm.</subfield><subfield code="b">Seattle, Wash. :</subfield><subfield code="c">Filmed by the University of Washington Library,</subfield><subfield code="d">1983.</subfield><subfield code="e">1 microfilm reel ; 35 mm.</subfield></datafield><datafield ind1=" " ind2="0" tag="650"><subfield code="a">Lummi Indians</subfield><subfield code="v">Periodicals.</subfield></datafield><datafield ind1=" " ind2="7" tag="650"><subfield code="a">Lummi Indians.</subfield><subfield code="2">fast</subfield><subfield code="0">(OCoLC)fst01003670</subfield></datafield><datafield ind1=" " ind2="7" tag="655"><subfield code="a">Periodicals.</subfield><subfield code="2">fast</subfield><subfield code="0">(OCoLC)fst01411641</subfield></datafield><datafield ind1=" " ind2="7" tag="655"><subfield code="a">Lummi newspapers.</subfield><subfield code="2">ngl</subfield></datafield><datafield ind1=" " ind2="7" tag="655"><subfield code="a">Native American newspapers</subfield><subfield code="z">Washington (State)</subfield><subfield code="2">ngl</subfield></datafield><datafield ind1="1" ind2=" " tag="710"><subfield code="a">Lummi Tribe of the Lummi Reservation, Washington.</subfield><subfield code="b">Communications Department.</subfield></datafield><datafield ind1=" " ind2=" " tag="752"><subfield code="a">United States</subfield><subfield code="b">Washington</subfield><subfield code="c">Whatcom</subfield><subfield code="d">Bellingham.</subfield></datafield><datafield ind1="1" ind2=" " tag="776"><subfield code="c">Original</subfield><subfield code="w">(DLC)sn 94050944</subfield><subfield code="w">(OCoLC)20642502</subfield></datafield><datafield ind1="0" ind2="0" tag="780"><subfield code="t">Lummi Indian news</subfield><subfield code="w">(DLC)  2006252016</subfield><subfield code="w">(OCoLC)10200774</subfield></datafield><datafield ind1="0" ind2="0" tag="785"><subfield code="t">Squol quol (Bellingham, Wash. : 1991)</subfield><subfield code="w">(DLC)  2006252015</subfield><subfield code="w">(OCoLC)62870006</subfield></datafield><datafield ind1="1" ind2=" " tag="029"><subfield code="a">AU@</subfield><subfield code="b">000041143869</subfield></datafield></record>